@article{troscianko2015image,
  title={Image calibration and analysis toolbox--a free software suite for objectively measuring reflectance, colour and pattern},
  author={Troscianko, Jolyon and Stevens, Martin},
  journal={Methods in Ecology and Evolution},
  volume={6},
  number={11},
  pages={1320--1331},
  year={2015},
  publisher={Wiley Online Library}
}


@misc{Adobe2012DNG,
  author = {{Adobe Systems Incorporated}},
  title        = {Digital Negative (DNG) specification, version 1.4.0.0},
  howpublished = {Adobe Systems Incorporated: San Jose, CA, USA, 2012},
  month        = {June},
  year         = {2012}
}
%Adobe Systems Incorporated, “Digital Negative (DNG) specification, version 1.4.0.0,” Tech. rep. (2012).
%Adobe Systems Incorporated. Digital Negative (DNG) Specification, Version 1.4.0.0.; Adobe Systems Incorporated: San Jose, CA, USA, 2012. [Google Scholar]

